<record xmlns:xs="http://www.w3.org/2001/XMLSchema">
         <leader>     cam a22     u  4500</leader>
         <controlfield tag="001">053717929</controlfield>
         <controlfield tag="003">CHVBK</controlfield>
         <controlfield tag="005">20170407072956.0</controlfield>
         <controlfield tag="008">130812s1966    sz |||||||||||00   |ger d</controlfield>
         <datafield tag="035" ind1=" " ind2=" ">
            <subfield code="a">(OCoLC)888159326</subfield>
         </datafield>
         <datafield tag="035" ind1=" " ind2=" ">
            <subfield code="a">(SGBN)000019713</subfield>
         </datafield>
         <datafield tag="040" ind1=" " ind2=" ">
            <subfield code="a">SGBN</subfield>
            <subfield code="b">ger</subfield>
         <subfield code="d">SzZuIDS HSG</subfield></datafield>
         <datafield tag="100" ind1="1" ind2=" ">
            <subfield code="a">Kneschaurek</subfield>
            <subfield code="D">Francesco</subfield>
         </datafield>
         <datafield tag="245" ind1="1" ind2="0">
            <subfield code="a">Wirtschaftliches Wachstum und öffentliche Finanzwirtschaft</subfield>
            <subfield code="c">v. F. Kneschaurek</subfield>
         </datafield>
         <datafield tag="260" ind1=" " ind2=" ">
            <subfield code="a">[Zürich]</subfield>
            <subfield code="b">[Orell Füssli]</subfield>
            <subfield code="c">1966</subfield>
         </datafield>
         <datafield tag="300" ind1=" " ind2=" ">
            <subfield code="a">[29] S.</subfield>
            <subfield code="c">24 cm</subfield>
         </datafield>
         <datafield tag="500" ind1=" " ind2=" ">
            <subfield code="a">SA aus: Wirtschaft und Recht. - Zürich ; 1966, S. 209-237</subfield>
         </datafield>
         <datafield tag="690" ind1=" " ind2="7">
            <subfield code="B">s</subfield>
            <subfield code="a">Öffentliche Finanzen</subfield>
            <subfield code="x">Wirtschaftswachstum</subfield>
            <subfield code="2">sgbn S</subfield>
         </datafield>
         <datafield tag="690" ind1=" " ind2="7">
            <subfield code="B">s</subfield>
            <subfield code="a">Wirtschaftswachstum</subfield>
            <subfield code="x">Öffentliche Finanzen</subfield>
            <subfield code="2">sgbn S</subfield>
         </datafield>
         <datafield tag="912" ind1=" " ind2="7">
            <subfield code="a">ww</subfield>
            <subfield code="2">SGBN</subfield>
         </datafield>
         <datafield tag="950" ind1=" " ind2=" ">
            <subfield code="B">SGBN</subfield>
            <subfield code="P">100</subfield>
            <subfield code="E">1-</subfield>
            <subfield code="a">Kneschaurek</subfield>
            <subfield code="D">Francesco</subfield>
         </datafield>
         <datafield tag="986" ind1=" " ind2=" ">
            <subfield code="a">SWISSBIB</subfield>
            <subfield code="b">053717929</subfield>
         </datafield>
         <datafield tag="898" ind1=" " ind2=" ">
            <subfield code="a">BK020000</subfield>
            <subfield code="b">XK020000</subfield>
            <subfield code="c">XK020000</subfield>
         </datafield>
         
      <datafield tag="690" ind1="H" ind2="D">
	    	<subfield code="8">YN</subfield>
	    	<subfield code="a">Wirtschaftswissenschaften : Konjunkturschwankungen, Stabilitätspolitik</subfield>
	    	<subfield code="2">HSG-IFF</subfield>
	    </datafield></record>