<record xmlns:xs="http://www.w3.org/2001/XMLSchema">
         <leader>     cam a22     u  4500</leader>
         <controlfield tag="001">515927023</controlfield>
         <controlfield tag="003">CHVBK</controlfield>
         <controlfield tag="005">20190327190901.0</controlfield>
         <controlfield tag="008">180630s1970    xxk           00    eng  </controlfield>
         <datafield tag="020" ind1=" " ind2=" ">
            <subfield code="a">0-255-35981-0</subfield>
         </datafield>
         <datafield tag="035" ind1=" " ind2=" ">
            <subfield code="a">(NEBIS)007926682</subfield>
         </datafield>
         <datafield tag="035" ind1=" " ind2=" ">
            <subfield code="a">(IDSSG)000996429</subfield>
         </datafield>
         <datafield tag="040" ind1=" " ind2=" ">
            <subfield code="a">SzZuIDS NEBIS UZH</subfield>
         <subfield code="d">SzZuIDS HSG</subfield></datafield>
         <datafield tag="082" ind1="0" ind2="4">
            <subfield code="a">336.2/00942</subfield>
         </datafield>
         <datafield tag="100" ind1="1" ind2=" ">
            <subfield code="a">Tanzi</subfield>
            <subfield code="D">Vito</subfield>
            <subfield code="d">1935-</subfield>
            <subfield code="0">(DE-588)119438879</subfield>
         </datafield>
         <datafield tag="245" ind1="1" ind2="0">
            <subfield code="a">Taxation</subfield>
            <subfield code="b">a radical approach : a re-assessment of the high level of British taxation and the scope for its reduction</subfield>
            <subfield code="c">Vito Tanzi, J.B. Bracewell-Milnes, D.R. Myddelton</subfield>
         </datafield>
         <datafield tag="260" ind1=" " ind2=" ">
            <subfield code="a">London</subfield>
            <subfield code="b">Institute of Economic Affairs</subfield>
            <subfield code="c">1970</subfield>
         </datafield>
         <datafield tag="300" ind1=" " ind2=" ">
            <subfield code="a">XII, 130 S.</subfield>
            <subfield code="b">Tab.</subfield>
         </datafield>
         <datafield tag="490" ind1="0" ind2=" ">
            <subfield code="a">Readings in political economy</subfield>
            <subfield code="v">4</subfield>
            <subfield code="i">4</subfield>
            <subfield code="w">(NEBIS)001073450</subfield>
            <subfield code="9">259853925</subfield>
         </datafield>
         <datafield tag="650" ind1=" " ind2="0">
            <subfield code="a">Taxation</subfield>
         </datafield>
         <datafield tag="650" ind1=" " ind2="0">
            <subfield code="a">Taxation</subfield>
            <subfield code="z">Great Britain</subfield>
         </datafield>
         <datafield tag="651" ind1=" " ind2="0">
            <subfield code="a">Great Britain</subfield>
            <subfield code="x">Appropriations and expenditures</subfield>
         </datafield>
         <datafield tag="690" ind1=" " ind2="7">
            <subfield code="B">u</subfield>
            <subfield code="a">H 2</subfield>
            <subfield code="d">Taxation, subsidies, and revenue = Steuern, Subventionen und Staatseinnahmen</subfield>
            <subfield code="2">idsuzh VJ</subfield>
         </datafield>
         <datafield tag="690" ind1=" " ind2="7">
            <subfield code="B">u</subfield>
            <subfield code="a">H 3</subfield>
            <subfield code="d">Fiscal policies and behavior of economic agents = Fiskalpolitik und Verhalten der ökonomischen Akteure</subfield>
            <subfield code="2">idsuzh VJ</subfield>
         </datafield>
         <datafield tag="690" ind1=" " ind2="7">
            <subfield code="B">u</subfield>
            <subfield code="u">YL7</subfield>
            <subfield code="a">Wirtschaftswissenschaften : Finanzwissenschaft. Betriebswirtschaftliche Steuerlehre : Finanzpolitik. Fiscal Policy. Finanzwirtschaft und Finanzpolitik einzelner Länder</subfield>
            <subfield code="2">idssg HD</subfield>
         </datafield>
         <datafield tag="690" ind1=" " ind2="7">
            <subfield code="B">u</subfield>
            <subfield code="u">YL8</subfield>
            <subfield code="a">Wirtschaftswissenschaften : Finanzwissenschaft. Betriebswirtschaftliche Steuerlehre : Allgemeine Steuerlehre, Steuersystem einzelner Länder</subfield>
            <subfield code="2">idssg HD</subfield>
         </datafield>
         <datafield tag="690" ind1=" " ind2="7">
            <subfield code="B">u</subfield>
            <subfield code="u">YL9</subfield>
            <subfield code="a">Wirtschaftswissenschaften : Finanzwissenschaft. Betriebswirtschaftliche Steuerlehre : Betriebswirtschaftliche Steuerlehre</subfield>
            <subfield code="2">idssg HD</subfield>
         </datafield>
         <datafield tag="700" ind1="1" ind2=" ">
            <subfield code="a">Bracewell-Milnes</subfield>
            <subfield code="D">Barry</subfield>
            <subfield code="d">1931-2012</subfield>
            <subfield code="0">(DE-588)1089646283</subfield>
         </datafield>
         <datafield tag="700" ind1="1" ind2=" ">
            <subfield code="a">Myddelton</subfield>
            <subfield code="D">David Roderic</subfield>
         </datafield>
         <datafield tag="909" ind1=" " ind2="7">
            <subfield code="a">zbzmon201402rl</subfield>
            <subfield code="c">eich</subfield>
            <subfield code="2">idszbz Z2</subfield>
         </datafield>
         <datafield tag="950" ind1=" " ind2=" ">
            <subfield code="B">NEBIS</subfield>
            <subfield code="P">100</subfield>
            <subfield code="E">1-</subfield>
            <subfield code="a">Tanzi</subfield>
            <subfield code="D">Vito</subfield>
            <subfield code="d">1935-</subfield>
            <subfield code="0">(DE-588)119438879</subfield>
         </datafield>
         <datafield tag="950" ind1=" " ind2=" ">
            <subfield code="B">NEBIS</subfield>
            <subfield code="P">490</subfield>
            <subfield code="E">--</subfield>
            <subfield code="a">Readings in political economy</subfield>
            <subfield code="v">4</subfield>
            <subfield code="i">4</subfield>
            <subfield code="w">(NEBIS)001073450</subfield>
            <subfield code="9">259853925</subfield>
         </datafield>
         <datafield tag="950" ind1=" " ind2=" ">
            <subfield code="B">NEBIS</subfield>
            <subfield code="P">700</subfield>
            <subfield code="E">1-</subfield>
            <subfield code="a">Bracewell-Milnes</subfield>
            <subfield code="D">Barry</subfield>
            <subfield code="d">1931-2012</subfield>
            <subfield code="0">(DE-588)1089646283</subfield>
         </datafield>
         <datafield tag="950" ind1=" " ind2=" ">
            <subfield code="B">NEBIS</subfield>
            <subfield code="P">700</subfield>
            <subfield code="E">1-</subfield>
            <subfield code="a">Myddelton</subfield>
            <subfield code="D">David Roderic</subfield>
         </datafield>
         <datafield tag="950" ind1=" " ind2=" ">
            <subfield code="B">IDSSG</subfield>
            <subfield code="P">100</subfield>
            <subfield code="E">1-</subfield>
            <subfield code="a">Tanzi</subfield>
            <subfield code="D">Vito</subfield>
            <subfield code="e">Verfasser</subfield>
            <subfield code="4">aut</subfield>
         </datafield>
         <datafield tag="950" ind1=" " ind2=" ">
            <subfield code="B">IDSSG</subfield>
            <subfield code="P">700</subfield>
            <subfield code="E">1-</subfield>
            <subfield code="a">Bracewell-Milnes</subfield>
            <subfield code="D">J. B.</subfield>
         </datafield>
         <datafield tag="950" ind1=" " ind2=" ">
            <subfield code="B">IDSSG</subfield>
            <subfield code="P">700</subfield>
            <subfield code="E">1-</subfield>
            <subfield code="a">Myddelton</subfield>
            <subfield code="D">D. R.</subfield>
         </datafield>
         <datafield tag="898" ind1=" " ind2=" ">
            <subfield code="a">BK020000</subfield>
            <subfield code="b">XK020000</subfield>
            <subfield code="c">XK020000</subfield>
         </datafield>
         
         
         
      <datafield tag="690" ind1="H" ind2="D">
	    	<subfield code="8">YL7</subfield>
	    	<subfield code="a">Wirtschaftswissenschaften : Finanzwissenschaft. Betriebswirtschaftliche Steuerlehre : Finanzpolitik. Fiscal Policy. Finanzwirtschaft und Finanzpolitik einzelner Länder</subfield>
	    	<subfield code="2">HSG-IFF</subfield>
	    </datafield><datafield tag="690" ind1="H" ind2="D">
    		<subfield code="8">YL8</subfield>
    		<subfield code="a">Wirtschaftswissenschaften : Finanzwissenschaft. Betriebswirtschaftliche Steuerlehre : Allgemeine Steuerlehre, Steuersystem einzelner Länder</subfield>
    		<subfield code="2">HSG-IFF</subfield>
    	</datafield><datafield tag="690" ind1="H" ind2="D">
    		<subfield code="8">YL9</subfield>
    		<subfield code="a">Wirtschaftswissenschaften : Finanzwissenschaft. Betriebswirtschaftliche Steuerlehre : Betriebswirtschaftliche Steuerlehre</subfield>
    		<subfield code="2">HSG-IFF</subfield>
    	</datafield></record>