<record xmlns:xs="http://www.w3.org/2001/XMLSchema">
         <leader>     caa a22     4  4500</leader>
         <controlfield tag="001">514780193</controlfield>
         <controlfield tag="003">CHVBK</controlfield>
         <controlfield tag="005">20190416054627.0</controlfield>
         <controlfield tag="008">180613s1999    sz            00    ger  </controlfield>
         <datafield tag="035" ind1=" " ind2=" ">
            <subfield code="a">(SGBN)000282724</subfield>
         </datafield>
         <datafield tag="035" ind1=" " ind2=" ">
            <subfield code="a">(IDSSG)000996449</subfield>
         </datafield>
         <datafield tag="040" ind1=" " ind2=" ">
            <subfield code="a">SGBN SGKBZ</subfield>
         <subfield code="d">SzZuIDS HSG</subfield></datafield>
         <datafield tag="100" ind1="1" ind2=" ">
            <subfield code="a">Immenga</subfield>
            <subfield code="D">Ulrich</subfield>
         </datafield>
         <datafield tag="245" ind1="1" ind2="0">
            <subfield code="a">Zur extraterritorialen Anwendung der europäischen Fusionskontrolle</subfield>
            <subfield code="c">Ulrich Immenga</subfield>
         </datafield>
         <datafield tag="690" ind1=" " ind2="7">
            <subfield code="B">s</subfield>
            <subfield code="a">Fusion</subfield>
            <subfield code="x">Recht</subfield>
            <subfield code="2">sgbn S</subfield>
         </datafield>
         <datafield tag="690" ind1=" " ind2="7">
            <subfield code="B">s</subfield>
            <subfield code="a">Fusionskontrollverfahren</subfield>
            <subfield code="2">sgbn S</subfield>
         </datafield>
         <datafield tag="690" ind1=" " ind2="7">
            <subfield code="B">u</subfield>
            <subfield code="u">WB</subfield>
            <subfield code="a">179 Uebrige Literatur : 179 Oeffentliches Recht</subfield>
            <subfield code="2">idssg HD</subfield>
         </datafield>
         <datafield tag="773" ind1=" " ind2="A">
            <subfield code="t">Der Einfluss des europäischen Rechts auf die Schweiz</subfield>
            <subfield code="d">Zürich : Schulthess, 1999</subfield>
            <subfield code="g">S. 347-358</subfield>
            <subfield code="j">347-358</subfield>
            <subfield code="w">(SGBN)000282683</subfield>
            <subfield code="9">281278865</subfield>
         </datafield>
         <datafield tag="852" ind1="4" ind2=" ">
            <subfield code="B">IDSSG</subfield>
            <subfield code="F">C003</subfield>
            <subfield code="b">C003</subfield>
            <subfield code="j">- -</subfield>
            <subfield code="a">-</subfield>
         </datafield>
         <datafield tag="898" ind1=" " ind2=" ">
            <subfield code="a">BK010000</subfield>
            <subfield code="b">XK010000</subfield>
            <subfield code="c">XK010000</subfield>
         </datafield>
         <datafield tag="909" ind1=" " ind2="7">
            <subfield code="b">HSG</subfield>
            <subfield code="2">idssg HS</subfield>
         </datafield>
         <datafield tag="912" ind1=" " ind2="7">
            <subfield code="a">rs</subfield>
            <subfield code="2">SGBN</subfield>
         </datafield>
         
         
         
         <datafield tag="950" ind1=" " ind2=" ">
            <subfield code="B">SGBN</subfield>
            <subfield code="P">100</subfield>
            <subfield code="E">1-</subfield>
            <subfield code="a">Immenga</subfield>
            <subfield code="D">Ulrich</subfield>
         </datafield>
         <datafield tag="950" ind1=" " ind2=" ">
            <subfield code="B">SGBN</subfield>
            <subfield code="P">773</subfield>
            <subfield code="E">-A</subfield>
            <subfield code="t">Der Einfluss des europäischen Rechts auf die Schweiz</subfield>
            <subfield code="d">Zürich : Schulthess, 1999</subfield>
            <subfield code="g">S. 347-358</subfield>
            <subfield code="j">347-358</subfield>
            <subfield code="w">(SGBN)000282683</subfield>
            <subfield code="9">281278865</subfield>
         </datafield>
         <datafield tag="950" ind1=" " ind2=" ">
            <subfield code="B">IDSSG</subfield>
            <subfield code="P">100</subfield>
            <subfield code="E">1-</subfield>
            <subfield code="a">Immenga</subfield>
            <subfield code="D">Ulrich</subfield>
            <subfield code="e">Verfasser</subfield>
            <subfield code="4">aut</subfield>
         </datafield>
         <datafield tag="950" ind1=" " ind2=" ">
            <subfield code="B">IDSSG</subfield>
            <subfield code="P">773</subfield>
            <subfield code="E">0A</subfield>
            <subfield code="t">Baldi, Marino, Baumann: Der Einfluss des europäischen Rechts auf die Schweiz, Festschrift für Professor Roger Zäch zum 60. Geburtstag</subfield>
            <subfield code="g">S. 347-358</subfield>
            <subfield code="j">0347</subfield>
            <subfield code="w">(IDSSG)000179256</subfield>
            <subfield code="9">281278865</subfield>
         </datafield>
         <datafield tag="986" ind1=" " ind2=" ">
            <subfield code="a">SWISSBIB</subfield>
            <subfield code="b">347428266</subfield>
         </datafield>
      <datafield tag="690" ind1="H" ind2="D">
	    	<subfield code="8">WB</subfield>
	    	<subfield code="a">179 Uebrige Literatur : 179 Oeffentliches Recht</subfield>
	    	<subfield code="2">HSG-IFF</subfield>
	    </datafield></record>