<record xmlns:xs="http://www.w3.org/2001/XMLSchema">
         <leader>     cam a22     u  4500</leader>
         <controlfield tag="001">27490750X</controlfield>
         <controlfield tag="003">CHVBK</controlfield>
         <controlfield tag="005">20190329065829.0</controlfield>
         <controlfield tag="008">130818s1970    xxu|||||||||| 00   |eng d</controlfield>
         <datafield tag="020" ind1=" " ind2=" ">
            <subfield code="a">0-520-01647-5</subfield>
         </datafield>
         <datafield tag="035" ind1=" " ind2=" ">
            <subfield code="a">(IDSBB)001526137</subfield>
         </datafield>
         <datafield tag="035" ind1=" " ind2=" ">
            <subfield code="a">(NEBIS)008919310</subfield>
         </datafield>
         <datafield tag="040" ind1=" " ind2=" ">
            <subfield code="a">SzZuIDS BS/BE A310</subfield>
            <subfield code="b">ger</subfield>
            <subfield code="e">kids</subfield>
         <subfield code="d">SzZuIDS HSG</subfield></datafield>
         <datafield tag="100" ind1="1" ind2=" ">
            <subfield code="a">Salisbury</subfield>
            <subfield code="D">Richard Frank</subfield>
         </datafield>
         <datafield tag="245" ind1="1" ind2="0">
            <subfield code="a">Vunamami</subfield>
            <subfield code="b">economic transformation in a traditional society</subfield>
            <subfield code="c">by Richard F. Salisbury</subfield>
         </datafield>
         <datafield tag="264" ind1=" " ind2="1">
            <subfield code="a">Berkeley</subfield>
            <subfield code="b">University of California Press</subfield>
            <subfield code="c">1970</subfield>
         </datafield>
         <datafield tag="300" ind1=" " ind2=" ">
            <subfield code="a">xi, 389 p.</subfield>
            <subfield code="b">ill., maps.</subfield>
            <subfield code="c">24 cm</subfield>
         </datafield>
         <datafield tag="504" ind1=" " ind2=" ">
            <subfield code="a">Bibliography: p. 375-382.</subfield>
         </datafield>
         <datafield tag="690" ind1=" " ind2="7">
            <subfield code="B">u</subfield>
            <subfield code="a">170.01</subfield>
            <subfield code="d">Social change - sozialer Wandel</subfield>
            <subfield code="2">idsuzh UI</subfield>
         </datafield>
         <datafield tag="690" ind1=" " ind2="7">
            <subfield code="B">u</subfield>
            <subfield code="a">170.02</subfield>
            <subfield code="d">Economic change - wirtschaftlicher Wandel</subfield>
            <subfield code="2">idsuzh UI</subfield>
         </datafield>
         <datafield tag="690" ind1=" " ind2="7">
            <subfield code="B">u</subfield>
            <subfield code="a">*OJ01</subfield>
            <subfield code="d">New Guinea - Neuguinea</subfield>
            <subfield code="2">idsuzh UI</subfield>
         </datafield>
         <datafield tag="690" ind1=" " ind2="7">
            <subfield code="B">u</subfield>
            <subfield code="a">177</subfield>
            <subfield code="d">Acculturation and culture contact - Akkulturation und Kulturkontakt</subfield>
            <subfield code="2">idsuzh UI</subfield>
         </datafield>
         <datafield tag="690" ind1=" " ind2="7">
            <subfield code="B">u</subfield>
            <subfield code="a">085</subfield>
            <subfield code="d">Economics - Wirtschaft</subfield>
            <subfield code="2">idsuzh UI</subfield>
         </datafield>
         <datafield tag="690" ind1=" " ind2="7">
            <subfield code="B">u</subfield>
            <subfield code="a">470</subfield>
            <subfield code="d">Business and industrial organization - Industrie- und Handelsorganisation</subfield>
            <subfield code="2">idsuzh UI</subfield>
         </datafield>
         <datafield tag="690" ind1=" " ind2="7">
            <subfield code="B">u</subfield>
            <subfield code="a">560</subfield>
            <subfield code="d">Social stratification - soziale Gliederung</subfield>
            <subfield code="2">idsuzh UI</subfield>
         </datafield>
         <datafield tag="690" ind1=" " ind2="7">
            <subfield code="B">u</subfield>
            <subfield code="a">170</subfield>
            <subfield code="d">History and culture change - Geschichte und Kulturwandel</subfield>
            <subfield code="2">idsuzh UI</subfield>
         </datafield>
         <datafield tag="690" ind1=" " ind2="7">
            <subfield code="B">u</subfield>
            <subfield code="a">*OM08</subfield>
            <subfield code="d">New Britain - Neu-Britannien (Neu-Pommern)</subfield>
            <subfield code="2">idsuzh UI</subfield>
         </datafield>
         <datafield tag="691" ind1=" " ind2="7">
            <subfield code="B">u</subfield>
            <subfield code="u">170.2.c</subfield>
            <subfield code="2">idsbb FG</subfield>
         </datafield>
         <datafield tag="691" ind1=" " ind2="7">
            <subfield code="B">u</subfield>
            <subfield code="u">OM 4.c</subfield>
            <subfield code="2">idsbb FH</subfield>
         </datafield>
         <datafield tag="909" ind1=" " ind2="7">
            <subfield code="f">medea</subfield>
            <subfield code="2">idsuzh U2</subfield>
         </datafield>
         <datafield tag="912" ind1=" " ind2="7">
            <subfield code="a">et</subfield>
            <subfield code="2">SzZuIDS BS/BE</subfield>
         </datafield>
         <datafield tag="950" ind1=" " ind2=" ">
            <subfield code="B">IDSBB</subfield>
            <subfield code="P">100</subfield>
            <subfield code="E">1-</subfield>
            <subfield code="a">Salisbury</subfield>
            <subfield code="D">Richard Frank</subfield>
         </datafield>
         <datafield tag="950" ind1=" " ind2=" ">
            <subfield code="B">NEBIS</subfield>
            <subfield code="P">100</subfield>
            <subfield code="E">1-</subfield>
            <subfield code="a">Salisbury</subfield>
            <subfield code="D">Richard Frank</subfield>
         </datafield>
         <datafield tag="986" ind1=" " ind2=" ">
            <subfield code="a">SWISSBIB</subfield>
            <subfield code="b">27490750X</subfield>
         </datafield>
         <datafield tag="898" ind1=" " ind2=" ">
            <subfield code="a">BK020000</subfield>
            <subfield code="b">XK020000</subfield>
            <subfield code="c">XK020000</subfield>
         </datafield>
         
         
         
         
      <datafield tag="690" ind1="H" ind2="D">
	    	<subfield code="8">YM</subfield>
	    	<subfield code="a">Wirtschaftswissenschaften : Internationaler Handel. Zahlungsbilanz und Wechselkurse</subfield>
	    	<subfield code="2">HSG-IFF</subfield>
	    </datafield></record>