<record xmlns:xs="http://www.w3.org/2001/XMLSchema">
         <leader>     cam a22     2  4500</leader>
         <controlfield tag="001">27436235X</controlfield>
         <controlfield tag="003">CHVBK</controlfield>
         <controlfield tag="005">20181117054147.0</controlfield>
         <controlfield tag="008">130818s1982    gw       |||| 000 u ger|d</controlfield>
         <datafield tag="020" ind1=" " ind2=" ">
            <subfield code="a">3-593-33151-9</subfield>
         </datafield>
         <datafield tag="020" ind1=" " ind2=" ">
            <subfield code="a">978-3-593-33151-5</subfield>
         </datafield>
         <datafield tag="035" ind1=" " ind2=" ">
            <subfield code="a">(NEBIS)003291189</subfield>
         </datafield>
         <datafield tag="035" ind1=" " ind2=" ">
            <subfield code="a">(SNL)991007575809703976</subfield>
         </datafield>
         <datafield tag="035" ind1=" " ind2=" ">
            <subfield code="a">(OCoLC)470707147</subfield>
         </datafield>
         <datafield tag="035" ind1=" " ind2=" ">
            <subfield code="a">(Sz)946250-41snl_51</subfield>
         </datafield>
         <datafield tag="035" ind1=" " ind2=" ">
            <subfield code="a">(Sz)vtls000946250</subfield>
         </datafield>
         <datafield tag="035" ind1=" " ind2=" ">
            <subfield code="a">(Sz)000946250</subfield>
         </datafield>
         <datafield tag="040" ind1=" " ind2=" ">
            <subfield code="a">DKDLA</subfield>
            <subfield code="d">SzZuIDS NEBIS ZBZ</subfield>
         <subfield code="d">SzZuIDS HSG</subfield></datafield>
         <datafield tag="082" ind1="0" ind2="4">
            <subfield code="a">372.2180943</subfield>
            <subfield code="b">V617</subfield>
            <subfield code="2">19</subfield>
         </datafield>
         <datafield tag="245" ind1="0" ind2="0">
            <subfield code="a">Verteilungswirkungen sozialer Dienste</subfield>
            <subfield code="b">das Beispiel Kindergarten</subfield>
            <subfield code="c">Franz-Xaver Kaufmann ... [et al.]</subfield>
         </datafield>
         <datafield tag="260" ind1=" " ind2=" ">
            <subfield code="a">Frankfurt/Main</subfield>
            <subfield code="b">Campus</subfield>
            <subfield code="c">1982</subfield>
         </datafield>
         <datafield tag="300" ind1=" " ind2=" ">
            <subfield code="a">100 s.</subfield>
            <subfield code="b">Ill.</subfield>
         </datafield>
         <datafield tag="490" ind1="1" ind2=" ">
            <subfield code="a">Forschungsberichte des Instituts für Bevölkerungsforschung und Sozialpolitik (IBS), Universität Bielefeld</subfield>
            <subfield code="v">Bd. 1</subfield>
            <subfield code="i">1</subfield>
            <subfield code="w">(NEBIS)000068635</subfield>
            <subfield code="9">29132097X</subfield>
         </datafield>
         <datafield tag="583" ind1=" " ind2=" ">
            <subfield code="8">1900869312</subfield>
            <subfield code="a">dea</subfield>
            <subfield code="i">ps</subfield>
            <subfield code="c">NB078-2000</subfield>
            <subfield code="l">nt</subfield>
         </datafield>
         <datafield tag="650" ind1=" " ind2="0">
            <subfield code="a">Kindergarten facilities</subfield>
            <subfield code="z">Germany (West)</subfield>
         </datafield>
         <datafield tag="650" ind1=" " ind2="0">
            <subfield code="a">Social service</subfield>
            <subfield code="z">Germany (West)</subfield>
         </datafield>
         <datafield tag="650" ind1=" " ind2="7">
            <subfield code="a">Evaluation</subfield>
            <subfield code="0">(DE-588)4071034-8</subfield>
            <subfield code="2">gnd</subfield>
         </datafield>
         <datafield tag="650" ind1=" " ind2="7">
            <subfield code="a">Inanspruchnahme</subfield>
            <subfield code="0">(DE-588)4114001-1</subfield>
            <subfield code="2">gnd</subfield>
         </datafield>
         <datafield tag="650" ind1=" " ind2="7">
            <subfield code="a">Kindergarten</subfield>
            <subfield code="0">(DE-588)4030581-8</subfield>
            <subfield code="2">gnd</subfield>
         </datafield>
         <datafield tag="650" ind1=" " ind2="7">
            <subfield code="a">Sozialdienst</subfield>
            <subfield code="0">(DE-588)4077559-8</subfield>
            <subfield code="2">gnd</subfield>
         </datafield>
         <datafield tag="650" ind1=" " ind2="7">
            <subfield code="a">Sozialepidemiologie</subfield>
            <subfield code="0">(DE-588)4055741-8</subfield>
            <subfield code="2">gnd</subfield>
         </datafield>
         <datafield tag="650" ind1=" " ind2="7">
            <subfield code="a">Sozialleistungen</subfield>
            <subfield code="0">(DE-588)4055856-3</subfield>
            <subfield code="2">gnd</subfield>
         </datafield>
         <datafield tag="650" ind1=" " ind2="7">
            <subfield code="a">Sozialpolitik</subfield>
            <subfield code="0">(DE-588)4055879-4</subfield>
            <subfield code="2">gnd</subfield>
         </datafield>
         <datafield tag="650" ind1=" " ind2="7">
            <subfield code="a">Inzidenz</subfield>
            <subfield code="0">(DE-588)4123447-9</subfield>
            <subfield code="2">gnd</subfield>
         </datafield>
         <datafield tag="653" ind1=" " ind2=" ">
            <subfield code="a">Europa</subfield>
         </datafield>
         <datafield tag="690" ind1=" " ind2="7">
            <subfield code="B">u</subfield>
            <subfield code="a">Kindergarten / Verhältnis zu einzelnen Faktoren</subfield>
            <subfield code="2">idszbz Z9</subfield>
         </datafield>
         <datafield tag="690" ind1=" " ind2="7">
            <subfield code="B">u</subfield>
            <subfield code="a">Verteilung (Wirtschaft)</subfield>
            <subfield code="2">idszbz Z9</subfield>
         </datafield>
         <datafield tag="690" ind1=" " ind2="7">
            <subfield code="B">u</subfield>
            <subfield code="a">I 3</subfield>
            <subfield code="d">Welfare and poverty = Wohlfahrt und Armut</subfield>
            <subfield code="2">idsuzh VJ</subfield>
         </datafield>
         <datafield tag="690" ind1=" " ind2="7">
            <subfield code="B">u</subfield>
            <subfield code="a">D 3</subfield>
            <subfield code="d">Distribution = Verteilung</subfield>
            <subfield code="2">idsuzh VJ</subfield>
         </datafield>
         <datafield tag="700" ind1="1" ind2=" ">
            <subfield code="a">Kaufmann</subfield>
            <subfield code="D">Franz-Xaver</subfield>
            <subfield code="d">1932-</subfield>
            <subfield code="0">(DE-588)119233355</subfield>
         </datafield>
         <datafield tag="830" ind1=" " ind2="0">
            <subfield code="a">Forschungsberichte des Instituts für Bevölkerungsforschung und Sozialpolitik IBS der Universität Bielefeld</subfield>
            <subfield code="v">1</subfield>
         </datafield>
         <datafield tag="909" ind1=" " ind2="7">
            <subfield code="a">MedeaZBZ</subfield>
            <subfield code="2">idszbz ZR</subfield>
         </datafield>
         <datafield tag="950" ind1=" " ind2=" ">
            <subfield code="B">NEBIS</subfield>
            <subfield code="P">490</subfield>
            <subfield code="E">--</subfield>
            <subfield code="a">Forschungsberichte des Instituts für Bevölkerungsforschung und Sozialpolitik (IBS), Universität Bielefeld</subfield>
            <subfield code="v">Bd. 1</subfield>
            <subfield code="i">1</subfield>
            <subfield code="w">(NEBIS)000068635</subfield>
            <subfield code="9">29132097X</subfield>
         </datafield>
         <datafield tag="950" ind1=" " ind2=" ">
            <subfield code="B">NEBIS</subfield>
            <subfield code="P">700</subfield>
            <subfield code="E">1-</subfield>
            <subfield code="a">Kaufmann</subfield>
            <subfield code="D">Franz-Xaver</subfield>
            <subfield code="d">1932-</subfield>
            <subfield code="0">(DE-588)119233355</subfield>
         </datafield>
         <datafield tag="950" ind1=" " ind2=" ">
            <subfield code="B">SNL</subfield>
            <subfield code="P">490</subfield>
            <subfield code="E">1-</subfield>
            <subfield code="a">Forschungsberichte des Instituts für Bevölkerungsforschung und Sozialpolitik (IBS) der Universität Bielefeld</subfield>
            <subfield code="v">1</subfield>
         </datafield>
         <datafield tag="950" ind1=" " ind2=" ">
            <subfield code="B">SNL</subfield>
            <subfield code="P">700</subfield>
            <subfield code="E">1-</subfield>
            <subfield code="a">Kaufmann</subfield>
            <subfield code="D">Franz-Xaver</subfield>
            <subfield code="d">1932-</subfield>
            <subfield code="0">(DE-588)119233355</subfield>
         </datafield>
         <datafield tag="950" ind1=" " ind2=" ">
            <subfield code="B">SNL</subfield>
            <subfield code="P">830</subfield>
            <subfield code="E">--</subfield>
            <subfield code="a">Forschungsberichte des Instituts für Bevölkerungsforschung und Sozialpolitik IBS der Universität Bielefeld</subfield>
            <subfield code="v">1</subfield>
         </datafield>
         <datafield tag="986" ind1=" " ind2=" ">
            <subfield code="a">SWISSBIB</subfield>
            <subfield code="b">27436235X</subfield>
         </datafield>
         <datafield tag="898" ind1=" " ind2=" ">
            <subfield code="a">BK020000</subfield>
            <subfield code="b">XK020000</subfield>
            <subfield code="c">XK020000</subfield>
         </datafield>
         
         
         
      <datafield tag="690" ind1="H" ind2="D">
	    	<subfield code="8">YL7</subfield>
	    	<subfield code="a">Wirtschaftswissenschaften : Finanzwissenschaft. Betriebswirtschaftliche Steuerlehre : Finanzpolitik. Fiscal Policy. Finanzwirtschaft und Finanzpolitik einzelner Länder</subfield>
	    	<subfield code="2">HSG-IFF</subfield>
	    </datafield></record>