<record xmlns:xs="http://www.w3.org/2001/XMLSchema">
         <leader>     cam a22     u  4500</leader>
         <controlfield tag="001">271899883</controlfield>
         <controlfield tag="003">CHVBK</controlfield>
         <controlfield tag="005">20190309084723.0</controlfield>
         <controlfield tag="008">130817s1983    xxud          001 0 eng  </controlfield>
         <datafield tag="020" ind1=" " ind2=" ">
            <subfield code="a">0-262-06074-4 (geb.)</subfield>
         </datafield>
         <datafield tag="020" ind1=" " ind2=" ">
            <subfield code="a">0-262-56028-3 (brosch.)</subfield>
         </datafield>
         <datafield tag="035" ind1=" " ind2=" ">
            <subfield code="a">(NEBIS)007769988</subfield>
         </datafield>
         <datafield tag="035" ind1=" " ind2=" ">
            <subfield code="a">(SBT)000105931</subfield>
         </datafield>
         <datafield tag="035" ind1=" " ind2=" ">
            <subfield code="a">(RERO)0662749</subfield>
         </datafield>
         <datafield tag="040" ind1=" " ind2=" ">
            <subfield code="a">SzZuIDS NEBIS UZH</subfield>
         <subfield code="d">SzZuIDS HSG</subfield></datafield>
         <datafield tag="072" ind1=" " ind2="7">
            <subfield code="a">s1se</subfield>
            <subfield code="2">rero</subfield>
         </datafield>
         <datafield tag="245" ind1="0" ind2="0">
            <subfield code="a">Studies in public regulation</subfield>
            <subfield code="c">ed. by Gary Fromm</subfield>
         </datafield>
         <datafield tag="260" ind1=" " ind2=" ">
            <subfield code="a">Cambridge, Massachusetts</subfield>
            <subfield code="b">MIT Press</subfield>
            <subfield code="c">1983</subfield>
         </datafield>
         <datafield tag="300" ind1=" " ind2=" ">
            <subfield code="a">XII, 393 S.</subfield>
            <subfield code="b">Tab., Fig.</subfield>
         </datafield>
         <datafield tag="490" ind1="1" ind2=" ">
            <subfield code="a">MIT Press series on the regulation of economic activity</subfield>
            <subfield code="v">4</subfield>
            <subfield code="i">4</subfield>
            <subfield code="w">(NEBIS)001491173</subfield>
            <subfield code="9">293624534</subfield>
         </datafield>
         <datafield tag="650" ind1=" " ind2="7">
            <subfield code="a">intervention de l'Etat</subfield>
            <subfield code="0">(RERO)A009999369</subfield>
            <subfield code="2">rerovoc</subfield>
         </datafield>
         <datafield tag="651" ind1=" " ind2="7">
            <subfield code="a">Etats-Unis</subfield>
            <subfield code="0">(RERO)A009975208</subfield>
            <subfield code="2">rero</subfield>
         </datafield>
         <datafield tag="655" ind1=" " ind2="7">
            <subfield code="a">Actes de congrès</subfield>
            <subfield code="2">rero</subfield>
         </datafield>
         <datafield tag="690" ind1=" " ind2="7">
            <subfield code="B">u</subfield>
            <subfield code="a">L 5</subfield>
            <subfield code="d">Regulation and industrial policy = Regulierung und Industriepolitik</subfield>
            <subfield code="2">idsuzh VJ</subfield>
         </datafield>
         <datafield tag="690" ind1=" " ind2="7">
            <subfield code="B">u</subfield>
            <subfield code="a">H 0</subfield>
            <subfield code="d">PUBLIC ECONOMICS = ÖKONOMIE DER ÖFFENTLICHEN HAND. General = allgemein</subfield>
            <subfield code="2">idsuzh VJ</subfield>
         </datafield>
         <datafield tag="690" ind1=" " ind2="7">
            <subfield code="B">u</subfield>
            <subfield code="a">L 2</subfield>
            <subfield code="d">Firm objectives, organization and behavior = Unternehmensziel, Organisation und Verhalten</subfield>
            <subfield code="2">idsuzh VJ</subfield>
         </datafield>
         <datafield tag="690" ind1=" " ind2="7">
            <subfield code="B">u</subfield>
            <subfield code="a">H 2</subfield>
            <subfield code="d">Taxation, subsidies, and revenue = Steuern, Subventionen und Staatseinnahmen</subfield>
            <subfield code="2">idsuzh VJ</subfield>
         </datafield>
         <datafield tag="690" ind1=" " ind2="7">
            <subfield code="B">s</subfield>
            <subfield code="a">intervento dello Stato</subfield>
            <subfield code="x">[congresso]</subfield>
            <subfield code="2">sbt TR</subfield>
         </datafield>
         <datafield tag="690" ind1=" " ind2="7">
            <subfield code="B">s</subfield>
            <subfield code="a">intervento dello Stato</subfield>
            <subfield code="z">* Stati Uniti</subfield>
            <subfield code="x">[congresso]</subfield>
            <subfield code="2">sbt TR</subfield>
         </datafield>
         <datafield tag="691" ind1=" " ind2="7">
            <subfield code="B">u</subfield>
            <subfield code="u">338.973</subfield>
            <subfield code="a">Sviluppo e crescita economica. Stati Uniti</subfield>
            <subfield code="2">sbt TE</subfield>
         </datafield>
         <datafield tag="700" ind1="1" ind2=" ">
            <subfield code="a">Fromm</subfield>
            <subfield code="D">Gary</subfield>
         </datafield>
         <datafield tag="830" ind1=" " ind2="0">
            <subfield code="a">MIT press series on the regulation of economic activity</subfield>
            <subfield code="v">4</subfield>
         </datafield>
         <datafield tag="912" ind1=" " ind2="7">
            <subfield code="a">se</subfield>
            <subfield code="2">SzBzSBTc</subfield>
         </datafield>
         <datafield tag="913" ind1=" " ind2=" ">
            <subfield code="a">Kongress = Congrès</subfield>
            <subfield code="b">1977</subfield>
            <subfield code="c">Washington</subfield>
         </datafield>
         <datafield tag="950" ind1=" " ind2=" ">
            <subfield code="B">NEBIS</subfield>
            <subfield code="P">490</subfield>
            <subfield code="E">--</subfield>
            <subfield code="a">MIT Press series on the regulation of economic activity</subfield>
            <subfield code="v">4</subfield>
            <subfield code="i">4</subfield>
            <subfield code="w">(NEBIS)001491173</subfield>
            <subfield code="9">293624534</subfield>
         </datafield>
         <datafield tag="950" ind1=" " ind2=" ">
            <subfield code="B">NEBIS</subfield>
            <subfield code="P">700</subfield>
            <subfield code="E">1-</subfield>
            <subfield code="a">Fromm</subfield>
            <subfield code="D">Gary</subfield>
         </datafield>
         <datafield tag="950" ind1=" " ind2=" ">
            <subfield code="B">SBT</subfield>
            <subfield code="P">490</subfield>
            <subfield code="E">--</subfield>
            <subfield code="a">MIT Press series on the regulation of economic activity</subfield>
            <subfield code="v">4</subfield>
            <subfield code="i">4</subfield>
            <subfield code="w">(SBT)000071467</subfield>
            <subfield code="9">293624534</subfield>
         </datafield>
         <datafield tag="950" ind1=" " ind2=" ">
            <subfield code="B">SBT</subfield>
            <subfield code="P">700</subfield>
            <subfield code="E">1-</subfield>
            <subfield code="a">Fromm</subfield>
            <subfield code="D">Gary</subfield>
         </datafield>
         <datafield tag="950" ind1=" " ind2=" ">
            <subfield code="B">SBT</subfield>
            <subfield code="P">711</subfield>
            <subfield code="E">2-</subfield>
            <subfield code="a">Conference on public regulation</subfield>
            <subfield code="d">(1977</subfield>
            <subfield code="c">Washington)</subfield>
         </datafield>
         <datafield tag="950" ind1=" " ind2=" ">
            <subfield code="B">RERO</subfield>
            <subfield code="P">490</subfield>
            <subfield code="E">1-</subfield>
            <subfield code="a">MIT Press series on the regulation of economic activity</subfield>
            <subfield code="v">4</subfield>
         </datafield>
         <datafield tag="950" ind1=" " ind2=" ">
            <subfield code="B">RERO</subfield>
            <subfield code="P">700</subfield>
            <subfield code="E">1-</subfield>
            <subfield code="a">Fromm</subfield>
            <subfield code="D">Gary</subfield>
            <subfield code="0">(RERO)A003266769</subfield>
         </datafield>
         <datafield tag="950" ind1=" " ind2=" ">
            <subfield code="B">RERO</subfield>
            <subfield code="P">711</subfield>
            <subfield code="E">2-</subfield>
            <subfield code="a">Conference on Public Regulation</subfield>
            <subfield code="d">(1977</subfield>
            <subfield code="c">Washington D.C)</subfield>
            <subfield code="0">(RERO)A012431185</subfield>
         </datafield>
         <datafield tag="950" ind1=" " ind2=" ">
            <subfield code="B">RERO</subfield>
            <subfield code="P">830</subfield>
            <subfield code="E">--</subfield>
            <subfield code="a">MIT press series on the regulation of economic activity</subfield>
            <subfield code="v">4</subfield>
         </datafield>
         <datafield tag="986" ind1=" " ind2=" ">
            <subfield code="a">SWISSBIB</subfield>
            <subfield code="b">271899875</subfield>
         </datafield>
         <datafield tag="898" ind1=" " ind2=" ">
            <subfield code="a">BK020000</subfield>
            <subfield code="b">XK020000</subfield>
            <subfield code="c">XK020000</subfield>
         </datafield>
         <datafield tag="898" ind1=" " ind2=" ">
            <subfield code="a">BK020800</subfield>
            <subfield code="b">XK020000</subfield>
            <subfield code="c">XK020000</subfield>
         </datafield>
         
         
         
      <datafield tag="690" ind1="H" ind2="D">
	    	<subfield code="8">YL1</subfield>
	    	<subfield code="a">Wirtschaftswissenschaften : Finanzwissenschaft. Betriebswirtschaftliche Steuerlehre : Allgemeines</subfield>
	    	<subfield code="2">HSG-IFF</subfield>
	    </datafield></record>